@article{DeMoura:2011:SMT,
 author = {De Moura, Leonardo and Bj{\o}rner, Nikolaj},
 title = {Satisfiability Modulo Theories: Introduction and Applications},
 journal = {Commun. ACM},
 issue_date = {September 2011},
 volume = {54},
 number = {9},
 month = sep,
 year = {2011},
 issn = {0001-0782},
 pages = {69--77},
 numpages = {9},
 url = {http://doi.acm.org/10.1145/1995376.1995394},
 doi = {10.1145/1995376.1995394},
 acmid = {1995394},
 publisher = {ACM},
 address = {New York, NY, USA},
} 

@article{DBLP:journals/jsat/CokDW14,
  author    = {David R. Cok and
               David D{\'{e}}harbe and
               Tjark Weber},
  title     = {The 2014 {SMT} Competition},
  journal   = {{JSAT}},
  volume    = {9},
  pages     = {207--242},
  year      = {2014},
  url       = {https://satassociation.org/jsat/index.php/jsat/article/view/122},
  timestamp = {Tue, 17 Apr 2018 11:43:31 +0200},
  biburl    = {https://dblp.org/rec/bib/journals/jsat/CokDW14},
  bibsource = {dblp computer science bibliography, https://dblp.org}
}

@article{DBLP:journals/jar/CokSW15,
  author    = {David R. Cok and
               Aaron Stump and
               Tjark Weber},
  title     = {The 2013 Evaluation of {SMT-COMP} and {SMT-LIB}},
  journal   = {J. Autom. Reasoning},
  volume    = {55},
  number    = {1},
  pages     = {61--90},
  year      = {2015},
  url       = {https://doi.org/10.1007/s10817-015-9328-2},
  doi       = {10.1007/s10817-015-9328-2},
  timestamp = {Sat, 20 May 2017 00:22:33 +0200},
  biburl    = {https://dblp.org/rec/bib/journals/jar/CokSW15},
  bibsource = {dblp computer science bibliography, https://dblp.org}
}

@TECHREPORT{BarFT-RR-17,
  author =	 {Clark Barrett and Pascal Fontaine and Cesare Tinelli},
  title =	 {{The SMT-LIB Standard: Version 2.6}},
  institution =	 {Department of Computer Science, The University of Iowa},
  year =	 2017,
  note =	 {Available at \url{www.SMT-LIB.org}}
}

@misc{smt-bylaws,
  author = {Alessandro Armando and Clark Barrett and Alessandro Cimatti and Byron Cook and de Moura, Leonardo and Bruno Dutertre and Sava Krstic and Albert Oliveras and Silvio Ranise and Roberto Sebastiani and Ofer Strichman and Cesare Tinelli},
  title = {{SMT} {Workshop} Bylaws},
  month = may,
  year  = {2009},
  note  = {Available at \url{http://smt-workshop.cs.uiowa.edu/bylaws.shtml}}
}

@misc{smtlib-repository,
  title = {{SMT}-{LIB} Benchmark Library},
  note  = {Available at \url{https://clc-gitlab.cs.uiowa.edu:2443/explore/groups}}
}

@misc{smtcomp-mailinglist,
  title = {{SMT-COMP}~-- {Discussion} list for the {Satisfiability} {Modulo} {Theories} {Competition}},
  note  = {Available at \url{https://cs.nyu.edu/mailman/listinfo/smt-comp}}
}
