% array_dec_procs.bib
% Aaron Stump, 2/10/00
%
% This file contains some references to works about 
% decision procedures for theories of arrays.

@inproceedings{M62,
author = "J. McCarthy",
title = {{Towards a Mathematical Science of Computation}},
booktitle = "IFIP Congress 62",
year = 1962}

@inproceedings{SJ77,
author = "N. Suzuki and D. Jefferson",
title = {{Verification Decidability of Presburger Array Programs}},
booktitle = "Proceedings of a Conference on Theoretical Computer Science",
note="University of Waterloo, Waterloo, Ontario, Canada",
year = 1977}

@article{K68,
author= "D. Kaplan",
title={{Some Completeness Results in the Mathematical Theory of Computation}},
journal="Journal of the ACM",
pages="124-34",
volume="15",
number="1",
month=Jan,
year="1968"}

@article{DS78,
author= "P. Downey and R. Sethi",
title={{Assignment Commands with Array References}},
journal="Journal of the ACM",
pages="652-666",
volume="25",
number="4",
month=Oct,
year="1978"}

@article{C00,
author="D. Cyrluk",
title ={{Private communication}},
year = "2000"}

@article{R00,
author="H. Ruess",
title ={{Private communication}},
year = "2000"}

@inproceedings{SC95,
author = "G. Collins and D. Syme",
title = {{A Theory of Finite Maps}},
booktitle = "Conference on Higher Order Logic Theorem Proving and its Applications",
year = 1995}@article{V01,
author= "A. Voronkov",
title={{How to optimize proof-search in modal logics: new methods of proving redundancy criteria in sequent calculi}},
journal="ACM Transactions on Computation Logic",
pages="1-34",
volume="1",
number="4",
month=Apr,
year="2001"}

@Book{RV01,
title = {{Handbook of Automated Reasoning}},
editor = "A. Robinson and A. Voronkov",
year = "2001",
publisher = "Elsevier and MIT Press"}

@Inbook{DV01,
title = {{The Inverse Method}},
author = "A. Degtyarev and A. Voronkov",
crossref = "RV01",
chapter = "4"}

@Inbook{DP01,
title = {{Rewriting}},
author = "N. Dershowitz and D. Plaisted",
crossref = "RV01",
volume=1,
chapter = "9"}

@Inbook{SRV01,
title = {{Term Indexing}},
author = "R. Sekar and I. Ramakrishnan and A. Voronkov",
crossref = "RV01",
volume=2,
chapter = "26"}

@Inbook{P01,
title = {{Logical Frameworks}},
author = "F. Pfenning",
crossref = "RV01",
volume=2,
chapter = "21"}

@Inbook{BG01,
title = {{Proof-Assistants Using Dependent Type Systems}},
author = "H. Barendregt and H. Geuvers",
crossref = "RV01",
volume=2,
chapter = "18"}

@Inbook{BW01,
title = {{Solving Numerical Constraints}},
author = "A. Bockmayr and V. Weispfenning",
crossref = "RV01",
chapter = "12"}

@article{T75,
title = {{Efficiency of a good but not linear set union algorithm}},
author = "R. Tarjan",
journal = "Journal of the ACM",
volume=22,
number=2,
year=1975,
pages="215-225"}

@article{af02,
title={{Dependent Types Ensure Partial Correctness of Theorem Provers}},
author="A. Appel and A. Felty",
journal="Journal of Functional Programming",
volume=14,
number=1,
pages="3-19",
month=jan,
year=2004}

@INPROCEEDINGS{pollackExtensibility,
  AUTHOR = {Robert Pollack},
  TITLE = {On Extensibility of Proof Checkers},
  BOOKTITLE = {Types for Proofs and Programs: International
                  Workshop TYPES'94, B\aa stad, June 1994, Selected
                  Papers},
  EDITOR = {Dybjer and Nordstrom and Smith},
  SERIES = {{LNCS}},
  VOLUME = 996,
  PAGES = {140--161},
  YEAR = 1995,
  PUBLISHER = {Springer-Verlag}
}

@inproceedings{aw92,
author="A. Aiken and E. Wimmers",
title = {{Solving Systems of Set Constraints}},
booktitle={Seventh Annual IEEE Symposium on Logic in Computer Science},
pages={329-340},
year={1992}}
@article{AMSV03,
  author =       {A. Appel and N. Michael and A. Stump and R. Virga},
  title =        {{A Trustworthy Proof Checker}},
  journal =    {Journal of Automated Reasoning, special issue on Proof-Carrying Code},
  volume = "31",
  number = "3-4",
  pages="231--260",
  year =         "2003"
}

@inproceedings{S03,
author= "A. Stump",
title={{Subset Types and Partial Functions}},
booktitle="19th International Conference on Automated Deduction",
editor="F. Baader",
year="2003"}

@article{S03a,
author= "A. Stump",
title={{Subset Types and Partial Functions}},
journal={draft paper available from author's homepage},
year="2003"}

@inproceedings{s03b,
author="A. Stump and A. Deivanayagam and S. Kathol and D. Lingelbach and D. Schobel",
title={{Rogue Decision Procedures}},
booktitle="1st International Workshop on Pragmatics of Decision Procedures in Automated Reasoning",
editor="C. Tinelli and S. Ranise",
year=2003}

@inproceedings{was03,
title={{Foundational Proof Checkers with Small Witnesses}},
author="D. Wu and A. Appel and A. Stump",
booktitle="5th ACM-SIGPLAN International Conference on
Principles and Practice of Declarative Programming",
editor="D. Miller",
year=2003}

@inproceedings{s04j,
author="A. Stump and R. Dickinson and J. Brodman",
title={{Automata Manipulation in Rogue}},
booktitle="Compiler Construction",
note="Under review.",
editor="E. Duesterwald",
year=2004}

@inproceedings{s04,
author="A. Stump and R. Besand and J. Brodman and J. Hseu and B. Kinnersley",
title={{From Rogue to MicroRogue}},
booktitle="International Workshop on Rewriting Logic and Applications",
editor="N. Marti-Oliet",
year=2004}

@inproceedings{s04rsp_foo,
author="A. Stump",
title={{Static Validation of Proof-Producing Decision Procedures}},
editor="D. Basin and M. Rusinowitch",
booktitle="International Joint Conference on Automated Reasoning",
year=2004,
note="under review"}

@inproceedings{s04rsp,
author="A. Stump",
title={{Imperative LF Meta-Programming}},
booktitle="4th International Workshop on Logical Frameworks and Meta-Languages",
editor={{C. Sch\"{u}rmann}},
year=2004}

@inproceedings{stumpschurmann04,
author="A. Stump and C. Sch{\"{u}}rmann",
title={{Logical Semantics for the Rewriting Calculus}},
booktitle="5th International Workshop on Strategies in Automated Deduction",
editor={{M. Bonacina and T. Boy de la Tour}},
year=2004}

@inproceedings{klapperstump04,
author="R. Klapper and A. Stump",
title={{Validated Proof-Producing Decision Procedures}},
booktitle="2nd International Workshop on Pragmatics of Decision Procedures in Automated Reasoning",
editor="C. Tinelli and S. Ranise",
year=2004}

@article{westbrookstump04,
author="E. Westbrook and A. Stump",
title={{Exclusive Resource Access with Temporal Types}},
journal="in preparation",
year=2004}% coop_dec_procs.bib
% Aaron Stump, 1/9/00
%
% This file contains some references to works about 
% cooperating decision procedures.

@conference{CLS96,
author = "D. Cyrluk and P. Lincoln and N. Shankar",
title = {{On Shostak's Decision Procedure for Combinations of Theories}},
booktitle = "13th International Conference on Computer Aided Deduction",
editor = "M. McRobbie and J. Slaney",
volume =       "1104",
series =       "LNCS",
year =         1996,
publisher = "Springer-Verlag",
pages =        "463-477"
}

@article{armando+03,
author="A. Armando and S. Ranise and M. Rusinowitch",
title={{A Rewriting Approach to Satisfiability Procedeures}},
journal="Information and Computation",
volume=183,
number=2,
month="June",
year=2003,
pages="140--164",
note="Special Issue on the 12th International Conference on Rewriting Techniques and Applications (RTA 2001)"} 

@conference{ARR01,
author = "A. Armando and S. Ranise and M. Rusinowitch",
title = {{Uniform Derivation of Decision Procedures by Superposition}},
booktitle = "Computer Science Logic (CSL01)",
editor = "L. Fribourg",
volume =       "2142",
series =       "LNCS",
year =         2001,
publisher = "Springer-Verlag"
}

@conference{K97,
author = "D. Kapur",
title = {{Shostak's congruence closure as completion}},
booktitle = "8th International Conference on Rewriting Techniques and Applications",
editor = "H. Comon",
year =         1997,
publisher = "Springer-Verlag",
pages =        "23-37"
}

@conference{RS01,
author= "H. Ruess and N. Shankar",
title={{Deconstructing Shostak}},
booktitle = "16th IEEE Symposium on Logic in Computer Science",
year = 2001
}

@inproceedings{fordshankar02,
author="J. Ford and N. Shankar",
title="Formal Verification of a Combination Decision Procedure",
booktitle="18th International Conference on Automated Deduction",
year=2002,
editor="A. Voronkov"}

@conference{BT97,
author = "F. Baader and C. Tinelli",
title = {{A new approach for combining decision procedures for the word problem, and its connection to the Nelson-Oppen combination method}},
booktitle = "14th International Conference on Computer Aided Deduction",
editor = "W. McCune",
series =       "LNCS",
year =         1997,
publisher = "Springer-Verlag",
pages =        "19-33"
}

@conference{TH96,
author = "C. Tinelli and M. Harandi",
title = {{A New Correctness Proof of the Nelson-Oppen Combination Procedure}},
booktitle = "1st International Workshop on Frontiers of Combining Systems (FroCoS'96)",
editor = "F. Baader and K. Schulz",
series = "Applied Logic Series",
volume = "3",
year =   1996,
publisher = "Kluwer",
}

@article{S84,
author= "R. Shostak",
title={{Deciding combinations of theories}},
journal="Journal of the Association for Computing Machinery",
volume="31",
number="1",
pages="1-12",
year="1984"}

@article{NO79,
author= "G. Nelson and D. Oppen",
title={{Simplification by cooperating decision procedures}},
journal="ACM Transactions on Programming Languages and Systems",
volume="1",
number="2",
pages="245-57",
year="1979"}

@phdthesis{L98,
author = "J. Levitt",
title = {{Formal Verification Techniques for Digital Systems}},
year="1999",
school={Stanford University}}

@phdthesis{B98,
author = "N. Bjorner",
title = {{Integrating Decision Procedures for Temporal Verification}},
year="1999",
school={Stanford University}}

@article{NO80,
author= "G. Nelson and D. Oppen",
title={{Fast decision procedures based on congruence closure}},
journal="Journal of the Association for Computing Machinery",
volume="27",
number="2",
pages="356-64",
year="1980"}

@techreport{N81,
author = "G. Nelson",
institution = {{Xerox PARC}},
title = {{Techniques for Program Verification}},
number = "CSL-81-10",
month = Jun,
year = "1981"}

@article{DST80,
author= "P. Downey and R. Sethi and R. Tarjan",
title={{Variations on the Common Subexpression Problem}},
journal="Journal of the Association for Computing Machinery",
volume="27",
number="4",
pages="758-71",
year="1980"}

@conference{BT00,
author = "L. Bachmair and A. Tiwari",
title = {{Abstract Congruence Closure and Specializations}},
booktitle = "17th International Conference on Automated Deduction",
Series="LNAI",
Editor="David McAllester",
Publisher="Springer-Verlag",
Volume="1831",
pages="64-78",
year =         2000
}

@inproceedings{Z01,
author = "Zarba, Calogero",
title = "Combining Non-Disjoint Theories",
editor = "Gor{'e}, Rajeev and Leitsch, Alexander and Nipkow, Tobias",
booktitle = "International Joint Conference on Automated Reasoning (Short Papers)",
series = "Technical Report DII 11/01",
pages = "180--189",
organization = "University of Siena, Italy",
year = "2001"
}

% used to be M98

@inproceedings{moeller+98,
  author = 	 "M. M{\"o}ller and H. Rue{\ss}",
  title = 	 {{Solving Bit-Vector Equations}},
  booktitle = 	 "Formal Methods in Computer-Aided Design",
  year = 	 1998,
  pages = 	 "36--48",
}

@phdthesis{M98a,
author = {M. M\"oller},
title = {{Solving Bit-Vector Equations -- a Decision Procedure for Hardware Verification}},
year="1998",
school={University of Ulm}}

@conference{FJOS03,
author = "C. Flanagan and R. Joshi and X. Ou and J. Saxe",
title = {{Theorem Proving using Lazy Proof Explication}},
booktitle = "15th International Conference on Computer-Aided Verification",
editor = "W. Hunt and F. Somenzi",
year =   2003
}

@inproceedings{BD04,
author="C. Barrett and J. Donham",
title={{Combining SAT Methods with Non-Clausal Decision Heuristics}},
booktitle={{Pragmatics of Decision Procedures in Automated Reasoning}},
editor="S. Ranise and C. Tinelli",
year=2004}

@inproceedings{kozen77,
author="D. Kozen",
title={{Complexity of Finitely Presented Algebras}},
booktitle="In Proceedings of the 9th Annual ACM Symposium on Theory of Computing",
pages="164--177", 
year=1977}

@InProceedings{BaaGT-IJCAR-04,
  author =	 {F. Baader and S. Ghilardi and C. Tinelli},
  title =	 {A New Combination Procedure for the Word Problem
                  that Generalizes Fusion Decidability Results in
                  Modal Logics},
  booktitle =	 {Proceedings of the 2nd International Joint
                  Conference on Automated Reasoning},
  year =	 2004,
  editor =	 {D.~Basin and M.~Rusinowitch},
  series =	 {Lecture Notes in Artificial Intelligence},
  publisher =	 {Springer-Verlag}
}

@article{nieuwenhuis+04,
author="R. Nieuwenhuis and A. Oliveras",
title={{Proof-producing Congruence Closure}},
note="In preparation",
year=2004}

@inproceedings{demoura+04,
	TITLE = {{Justifying Equality}},
	AUTHOR = {L. de Moura and H. Rue{\ss} and N. Shankar},
        BOOKTITLE = {2nd International Workshop on Pragmatics of Decision
Procedures in Automated Reasoning},
year=2004
}

@inproceedings{seshia+04,
author="S. Seshia and R. Bryant",
title={{Deciding Quantifier-Free Presburger Formulas Using Parameterized Solution Bounds}},
booktitle={Logic in Computer Science},
year=2004,
publisher="IEEE"}
@article{CES86,
title="Automatic verification of finite-state concurrent systems using temporal logic specifications",
author="E. Clarke and E. Emerson and A. Sistla",
journal="ACM Transactions on Programming Languages and Systems",
volume=8,
number=2,
year=1986}

@inproceedings{CGH93,
title={{Verification of the Futurebus+ cache coherence protocol}},
author="E. Clarke and O. Grumberg and H. Hiraishi and S. Jha and D. Long and K. McMillan and L. Ness",
booktitle="Proceedings of the Eleventh International Symposium on Computer Hardware Description Languages and their Applications",
year=1993,
editor="L. Claesen"}

@inproceedings{CAHJM02,
author="A. Chakrabarti and L. Alfaro and T. Henzinger and M. Jurdzinski and F. Mang",
title="Interface compatibility checking for software modules",
booktitle="14th International Conference on Computer-Aided Verification",
series="lncs",
number=2404,
year=2002,
publisher="Springer-Verlag"}

@conference{FH02,
author="X. Feng and A. Hu",
title="Automatic Formal Verification for Scheduled VLIW Code",
booktitle="ACM SIGPLAN Joint Conference: Languages, Compilers, and
Tools for Embedded Systems, and Software and Compilers for Embedded Systems",
year=2002}

@conference{P99,
author="L. Paulson",
title={{Proving Security Protocols Correct}},
booktitle="IEEE Symposium on Logic in Computer Science",
year=1999}

@conference{P01b,
author="L. Paulson",
title="Verifying the SET Protocol",
booktitle="International Joint Conference on Automated Reasoning",
year=2001}

@article{RSS99,
author="H. Rue\ss\ and N. Shankar and M. Srivas",
title={{Modular Verification of SRT Division}},
journal="Formal Methods in System Design",
volume=14,
number=1,
year=1999}

@inproceedings{H00,
author="J. Harrison",
title={{Formal Verification of IA-64 Division Algorithms}},
booktitle="13th International Conference on Theorem Proving in Higher Order Logics",
year=2000}

@inproceedings{M98,
author="J. Moore",
title="An ACL2 Proof of Write Invalidate Cache Coherence",
editor="A. Hu and M. Vardi",
booktitle="10th International Conference on Computer-Aided Verification",
year=1998}

@article{MLK98,
author="J. Moore and T. Lynch and M. Kaufmann",
title={{A Mechanically Checked Proof of the Correctness of the Kernel of the AMD5k86 Floating-Point Division Program}},
journal="IEEE Transactions on Computers",
volume=47,
number=9,
year=1998}

@article{LKR99,
title={{Building Reliable, High-Performance Communication Systems from Components}},
author="X. Liu and C. Kreitz and R. van Renesse and J. Hickey and M. Hayden and K. Birman and R. Constable",
journal="Operating Systems Review",
volume=34,
number=5,
year=1999}

@article{KN03,
title={{Verified Bytecode Verifiers}},
author = "G. Klein and T. Nipkow",
journal="Theoretical Computer Science",
volume=298,
number=3,
pages="583-626", 
year = 2003}

@article{VB03,
author="M. Velev and R. Bryant", 
title={{Effective Use of Boolean Satisfiability Procedures in the Formal Verification of Superscalar and VLIW Microprocessors}},
journal={{Journal of Symbolic Computation}},
volume=35,
number=2,
month=feb,
year=2003,
pages="73-106"}

@inproceedings{shankar02,
author="N. Shankar",
title={{Little Engines of Proof}},
booktitle="Invited Paper at Formal Methods Europe",
year=2002}% general.bib
% Aaron Stump, 2/25/02
% 
% General references about Computer Science.

@book{CLR92,
title={{Introduction to Algorithms}},
author="T. Cormen and C. Leiserson and R. Rivest",
publisher="MIT Press",
year=1992}

@book{szasz63,
author={G. Sz\'{a}sz},
title={{Introduction to Lattice Theory}},
publisher="Academic Press",
year=1963}@inproceedings{fegaras96,
 author = {Leonidas Fegaras and Tim Sheard},
 title = {{Revisiting Catamorphisms Over Datatypes with Embedded Functions (or, Programs from Outer Space)}},
 booktitle = {{Proceedings of the 23rd ACM SIGPLAN-SIGACT Symposium on Principles of Programming Languages}},
 year = {1996},
 pages = {284--294},
 publisher = {ACM Press}
 }
% lf.bib
% Aaron Stump, 3/17/99
%
% This file contains references to works about the 
% Edinburgh Logical Framework (LF).

@techreport{BSF01,
author = "L. Bauer and M. Schneider and E. Felten",
institution = {{Princeton University}},
title = {{A Proof-Carrying Authorization System}},
number = "CS-TR-638-01",
month = April,
year = "2001"}


@article{HHP93,
author = "R. Harper and F. Honsell and G. Plotkin",
title = {{A Framework for Defining Logics}},
journal = "Journal of the Association for Computing Machinery",
volume="40",
number="1",
month = Jan,
year = 1993,
pages = "143-184"}

@conference{PfS98,
author = "F. Pfenning and Carsten Sch{\"u}rmann",
title = {{System Description: Twelf --- A Meta-Logical Framework for Deductive Systems}},
booktitle = "16th International Conference on Automated Deduction",
year="1999"}

@conference{NA00,
author = "N. Michael and A. Appel",
title = {{Machine Instruction Syntax and Semantics in Higher Order Logic}},
booktitle = "17th International Conference on Automated Deduction",
editor="D. McAllester",
year="2000"}

@conference{AF99,
author = "A. Appel and E. Felten",
title = {{Proof-carrying authentication}},
booktitle = "6th ACM Conference on Computer and Communication Security",
year="1999"}

@conference{A01,
author = "A. Appel",
title = {{Foundational Proof-Carrying Code}},
booktitle = "16th Annual IEEE Symposium on Logic in Computer Science",
year="2001"}

@conference{HP92,
author = "J. Hannan and F. Pfenning",
title = {{Compiler verification in LF}},
booktitle = "7th Annual IEEE Symposium on Logic in Computer Science",
editor="A. Scedrov",
year="1992"}

@conference{CP96,
author = "I. Cervesato and F. Pfenning",
title = {{A linear logical framework}},
booktitle = "11th Annual IEEE Symposium on Logic in Computer Science",
editor="E. Clarke",
year="1996"}


@conference{PY01,
author = "J. Polakow and K. Yi",
title = {{Proving Syntactic Properties of Exceptions in an Ordered Logical Framework}},
booktitle = "The Fifth International Symposium on Functional and Logic Programming (FLOPS 2001)",
year="2001"}

@Inproceedings{Pf92a,
author = {F. Pfenning},
editor = {F. Pfenning},
booktitle = {{Types in Logic Programming}},
publisher = "The MIT Press",
title = {{Dependent Types in Logic Programming}},
year = "1992",
pages = "285-299"}

@Book{HG91,
title = {{Logical Frameworks}},
editor = "G. Huet and G. Plotkin",
year = "1991",
publisher = "Cambridge University Press"}

@Inbook{C91,
title = {{An algorithm for testing conversion in Type Theory}},
author = "T. Coquand",
crossref = "HG91",
pages = "255-79"}

@Inbook{M00,
title = {{Arity Polymorphism and Dependent Types}},
author = "E. Moggi",
booktitle = "APPSEM Workshop on Subtyping and Dependent Types in Programming (DTP '00)",
year = "2000",
publisher = "http://www-sop.inria.fr/oasis/DTP00/"}

@inproceedings{NL00,
author = "G. Necula and P. Lee",
title = {{Proof Generation in the Touchstone Theorem Prover}},
booktitle= "17th International Conference on Automated Deduction",
Editor="David McAllester",
year = "2000"}

@conference{N97,
author = "G. Necula",
title = {{Proof-Carrying Code}},
booktitle = "24th ACM SIGPLAN-SIGACT Symposium on Principles of Programming Languages",
year="1997",
month=jan,
pages = "106-119"}

@conference{NL98,
author = "G. Necula and P. Lee",
title = {{Efficient representation and validation of proofs}},
booktitle = "13th Annual IEEE Symposium on Logic in Computer Science",
year="1998",
pages = "93-104"}

@inproceedings{necula+01,
title={{Oracle-Based Checking of Untrusted Software}},
author="G. Necula and S. Rahul",
booktitle="Proceedings of the 28th ACM Symposium on Principles of Programming Languages",
year=2001}

@conference{specialj00,
title={{A Certifying Compiler for Java}}, 
author="C. Colby and P. Lee and G. Necula and F. Blau and K. Cline and M. Plesko",
booktitle="Proceedings of the ACM SIGPLAN Conference on Programming Language Design and Implementation",
year=2000}

@conference{necula98,
author="G. Necula and P. Lee",
title="The Design and Implementation of a Certifying Compiler",
booktitle="Proceedings of the ACM SIGPLAN Conference on Programming Language Design and Implementation",
year=1998}

@conference{necula00,
title={{Translation Validation for an Optimizing Compiler}},
author="G. Necula",
booktitle="Proceedings of the ACM SIGPLAN Conference on Programming Language Design and Implementation",
year=2000}

@phdthesis{N98,
author = "G. Necula",
title = {{Compiling with Proofs}},
year="1998",
month=sep,
school={Carnegie Mellon University}}

@inproceedings{B98,
author = "G. Barthe",
title= {{Existence and Uniqueness of Normal Forms in Pure Type Systems with beta-eta conversion}},
editor= "G. Gottlob and E. Grandjean and K. Seyr",
booktitle="Proceedings of CSL'98",
series="LNCS",
publisher="Springer-Verlag",
number=1584,
year=1998}

@techreport{HP00,
author = "R. Harper and F. Pfenning",
institution = {{Carnegie Mellon University}},
title = {{On Equivalence and Canonical Forms in the LF Type Theory}},
number = "CMU-CS-00-148",
month = Jul,
year = "2000"}

@inproceedings{P01b,
author= "F. Pfenning",
title={{Intensionality, Extensionality, and Proof Irrelevance in Modal Type Theory}},
booktitle="16th IEEE Symposium on Logic in Computer Science",
Publisher="IEEE Computer Society",
year = 2001
}

@phdthesis{V99,
author = "R. Virga",
title = {{Higher-Order Rewriting with Dependent Types}},
year="1999",
month=oct,
school={Carnegie Mellon University}}

@phdthesis{G93,
author = "H. Geuvers",
title = {{Logics and Type systems}},
year="1993",
month="September",
school={University of Nijmegen}}

@phdthesis{M95,
author = "M. Hofmann",
title = {{Extensional concepts in intensional type theory}},
year="1995",
school={University of Edinburgh}}

@inproceedings{PS98,
author = "F. Pfenning and C. Sch{\"u}rmann",
title = "Algorithms for Equality and Unification in the Presence of Notational Definitions",
booktitle = "Proceedings of the {CADE} Workshop on Proof Search in Type-Theoretic Languages",
publisher = "Electronic Notes in Theoretical Computer Science",
editor = "D. Galmiche",
year = "1998"}

@Book{AGM92,
title = {{Handbook of Logic in Computer Science}},
editor = "S. Abramsky and D. Gabbay and T. Maibaum",
year = "1992",
publisher = "Oxford University Press"}

@Inbook{B92,
title = {{Lambda Calculi with Types}},
author = "H. Barendregt",
crossref = "AGM92",
volume = "2",
pages = "117-309"}

@techreport{LP92,
author = "Z. Luo and R. Pollack",
title = {{LEGO Proof Development System: User's Manual}},
institution = "Edinburgh LFCS",
number = "ECS-LFCS-92-211",
year = "1992"}

@book{J99,
author = "B. Jacobs",
title = {{Categorical Logic and Type Theory}},
publisher = "Elsevier",
year = "1999"}

@article{AC01,
author = "D. Aspinall and A. Compagnoni",
title = "Subtyping Dependent Types",
journal = "Theoretical Computer Science",
year = "2001",
volume=266,
number="1-2"}

@inproceedings{A00,
author = "D. Aspinall",
title = "Subtyping with Power Types",
booktitle = "Computer Science Logic (CSL)",
publisher="Springer",
series="LNCS",
year = "2000"}


@INPROCEEDINGS{SO99,
     AUTHOR = "N. Shankar and S. Owre",
     TITLE = {{Principles and Pragmatics of Subtyping in PVS}},
     YEAR = {1999},
     URL = {http://www.csl.sri.com/papers/wadt99/},
     SERIES = "LNCS",
     BOOKTITLE = {Recent Trends in Algebraic Development Techniques},
     PUBLISHER = {Springer-Verlag},
     EDITOR = "D. Bert and C. Choppy and P. Mosses"}

@article{L99a,
author = "Z. Luo",
title = {{Coercive subtyping}},
journal = "Journal of Logic and Computation",
volume="9",
number="1",
year = 1999}

@article{K01,
author = "F. Kamareddine",
title = {{Reviewing the classical and the de Bruijn notation for $\lambda$-calculus and pure type systems}},
journal="Logic and Computation",
volume="11",
number="3",
pages= "363-394"}

@inproceedings{CKL01,
author="H. Cirstea and C. Kirchner and L. Liquori",
title = {{The Rho Cube}},
booktitle="Foundations of Software Science and Computation Structures (FOSSACS)",
editor="F. Honsell",
year="2001"}

@inproceedings{CKL01b,
author="H. Cirstea and C. Kirchner and L. Liquori",
title = {{Matching Power}},
booktitle="Rewriting Techniques and Applications (RTA)",
editor="A. Middeldorp",
year="2001"}

@techreport{J01,
author = "G. Jojgov",
title = {{Systems for Open Terms: An Overview}},
institution = "Technische Universiteit Eindhoven",
number = "CS-Report 01-03",
year = "2001"}

@INPROCEEDINGS{PS93,
 AUTHOR={A.~Pitts and I.~Stark},
 TITLE={Observable Properties of Higher Order Functions That
 Dynamically Create Local Names, or: What's new?}, 
 BOOKTITLE={Mathematical Foundations of Computer Science, Proc.\ 18th
 Int.\ Symp., {Gda{\'n}sk}, 1993},
 SERIES={Lecture Notes in Computer Science},
 VOLUME=711,
 PUBLISHER={Springer-Verlag},
 YEAR=1993}

@book{pierce02,
 author="B. Pierce",
 title={{Types and Programming Languages}},
 year=2002,
 publisher="The MIT Press"}

@techreport{Sa04,
author = "J. Sarnat",
title = {{LF-Sigma: The Metatheory of LF with Sigma types}},
institution = "Yale CS department",
number = "1268",
year = "2004"}

@inproceedings{pe88,
author="F. Pfenning and C. Elliott",
title="Higher-order abstract syntax",
booktitle="ACM SIGPLAN Symposium on Language Design and Implementation",
year="1988"}

@Misc{alti:esslli96,
  author =	 "Thorsten Altenkirch",
  title =	 "Integrated Verification in {Type} {Theory}",
  howpublished = "Lecture notes for a course at ESSLLI 96, Prague",
  year =	 "1996",
  note = "available from the author's website"
}

@phdthesis{ magnusson95,
    author = "Lena Magnusson",
    title = "The Implementation of {ALF}---a Proof Editor Based on {M}artin-{L}{\"o}f's Monomorphic Type Theory with Explicit Substitution",
    year = "1995",
    school = {{Chalmers University of Technology and G\"{o}teborg University}}
}

@inproceedings{cayenne98,
 author = {Lennart Augustsson},
 title = {Cayenne -- a language with dependent types},
 booktitle = {Proceedings of the third ACM SIGPLAN International Conference on Functional Programming},
 year = {1998},
 pages = {239--250},
 publisher = {ACM Press}
 }

@inproceedings{XiLICS00,
author = "Hongwei Xi",
title = {{Imperative Programming with Dependent Types}},
booktitle = "Proceedings of 15th IEEE Symposium on Logic in Computer Science",
year = 2000,
month = "June",
pages = "375--387"
}

@InProceedings{alti:wcgp02,
  author = 	 {Thorsten Altenkirch and Conor McBride},
  title = 	 {Generic Programming Within Dependently Typed Programming},
  booktitle = 	 {Generic Programming},
  year =	 {2003},
  note =	 {Proceedings of the IFIP TC2 Working Conference on Generic Programming, Schloss Dagstuhl, July 2002}
}

@inproceedings{delphin01,
author = {C. Sch\"urmann},
title = "Recursion for Higher-Order Encodings",
booktitle = "Proceedings of Computer Science Logic",
year = 2001,
number = 2142,
series = "LNCS",
pages = "585--599"}

@inproceedings{hamid02syntactic,
  author = "N. Hamid and Z. Shao and V. Trifonov and S. Monnier and Z. Ni",
  title = {{A Syntactic Approach to Foundational Proof Carrying-Code}},
  booktitle = "IEEE Symposium on Logic in Computer Science",
  year = "2002" }

@techreport{crary03,
author = "K. Crary and S. Sarkar",
title= {{A Metalogical Approach to Foundational Certified Code}},
institution = "CMU Computer Science",
number= "CMU-CS-03-108",
month= "January",
year= 2003}

@ARTICLE{pollackFAC02,
  AUTHOR = {Robert Pollack},
  TITLE = {Dependently Typed Records in Type Theory},
  JOURNAL = {Formal Aspects of Computing},
  YEAR = 2002,
  VOLUME = 13,
  PAGES = {386--402}
}

@InProceedings{harper+:sharing,
  author = 	 "Robert Harper and Mark Lillibridge",
  title = 	 "A Type-Theoretic Approach to Higher-Order Modules with
		  Sharing",
  pages = 	 "123--137",
  booktitle =    "21st Symposium on Principles of Programming Languages",
  year = 	 1994
}

@unpublished{schurmann04,
author={{C. Sch\"{u}rmann}},
title={{Programming with Higher-Order Abstract Syntax}},
note="draft available from author's website"}

@techreport{clf02,
title={{A Concurrent Logical Framework I: Judgments and Properties}},
author="K. Watkins and I. Cervesato and F. Pfenning and D. Walker",
institution="Carnegie Mellon University",
number="CMU-CS-02-101",
year="2002",
note="revised May 2003"} 

@INPROCEEDINGS{Coq+03,
  AUTHOR = {T. Coquand and R. Pollack and M. Takeyama},
  TITLE = {{A Logical Framework with Dependently Typed Records}},
  BOOKTITLE = {Typed Lambda Calculus and Applications},
  YEAR = 2003,
  SERIES = {{LNCS}},
  VOLUME = 2701,
  PUBLISHER = {Springer-Verlag}
}


@ARTICLE{pollack02,
  AUTHOR = {Robert Pollack},
  TITLE = {{Dependently Typed Records in Type Theory}},
  JOURNAL = {Formal Aspects of Computing},
  YEAR = 2002,
  VOLUME = 13,
  PAGES = {386--402}
}

@inproceedings{kopylov03,
author="A. Kopylov",
title={{Dependent Intersection: A New Way of Defining Records in Type Theory}},
booktitle={IEEE Symposium on Logic in Computer Science},
year=2003,
editor="P. Kolaitis"}

@inproceedings{schurmann+03,
author={C. Sch\"{u}rmann and F. Pfenning},
title={{A Coverage Checking Algorithm for LF}},
editor="D. Basin and B. Wolff",
booktitle="Proceedings of the 16th International Conference on Theorem Proving in Higher Order Logics",
pages="120--135",
year=2003,
publisher="Springer-Verlag",
series="LNCS",
volume="2758"}

@inproceedings{sheard04b,
author="T. Sheard and E. Pasalic",
title={{Meta-Programming with Built-in Type Equality}},
booktitle="4th International Workshop on Logical Frameworks and Meta-Languages",
editor={{C. Sch\"{u}rmann}},
year=2004}

@inproceedings{aspinall+04,
author="D. Aspinall and L. Beringer and M. Hofmann and H-W. Loidl and A. Momigliano",
title={{A Program Logic for Resource Verification}},
booktitle="In Proceedings of the 17th Interntaional Conference on Theorem Proving in Higher Order Logics",
editor="K. Slind",
year=2004}

@inproceedings{geuvers+04,
author="H. Geuvers and F. Wiedijk",
title="A Logical Framework with Explicit Coercions",
booktitle="4th International Workshop on Logical Frameworks and Meta-Languages",
editor={{C. Sch\"{u}rmann}},
year=2004}

@article{coq88,
 author = {T. Coquand and G. Huet},
 title = {{The Calculus of Constructions}},
 journal = {Information and Computation},
 volume = {76},
 number = {2-3},
 year = {1988},
 pages = "95--120"}
@article{woods03,
author={{University City Schools}},
title={{Brittany Woods Middle School Annual Report}},
note="Available online at http://www.ucityschools.org/schools/brittany.htm",
year=2003}% log.bib
% Aaron Stump, 5/4/99
%
% This file contains references to a number of works on
% formal systems.

@book{A65,
author="P. Andrews",
title="A Transfinite Type Theory with Type Variables",
publisher="North-Holland",
year=1965}

@book{A86,
author="P. Andrews",
title={{An Introduction to Mathematical Logic and Type Theory: to Truth through Proof}},
publisher="Academic Press",
year=1986}

@conference{Coq86,
author = "T. Coquand",
title = {{An analysis of Girard's paradox}},
booktitle = "1st Symposium on Logic in Computer Science",
year="1986",
pages="227-236"}

@article{L99,
author = "L. \L ukaszewicz",
title = {{Triple Dots in a Formal Language}},
journal = "Journal of Automated Reasoning",
volume="22",
year = 1999,
pages = "223-239"}

@conference{Coq94,
author = "T. Coquand",
title = {{A new paradox in type theory}},
booktitle = "9th International Conference on Logic, Methodology, and
                  Philosophy of Science",
year="1994",
pages="555-570"}

@article{Church40,
author = "A. Church",
title = {{A formulation of the simple theory of types}},
journal = "Journal of Symbolic Logic",
volume="5",
year = 1940,
pages = "56-68"}

@article{H63,
author = "L. Henkin",
title = {{A theory of propositional types}},
journal = "Journal of Symbolic Logic",
volume="52",
year = 1963,
pages = "323-344"}

@article{A63,
author = "P. Andrews",
title = {{A reduction of the axioms for the theory of propositional types}},
journal = "Fundamenta Mathematicae",
volume="52",
year = 1963,
pages = "345-350"}

@Book{E72,
title = {{A Mathematical Introduction to Logic}},
author = "H. Enderton",
year = "1972",
publisher = "Academic Press"}

@Book{GLR95,
title = {{Advances in Linear Logic}},
author = "J.-Y. Girard and Y. Lafont and L. Regnier",
year = "1995",
publisher = "Cambridge University Press"}

@Book{H97,
title = {{A Shorter Model Theory}},
author = "W. Hodges",
year = "1997",
publisher = "Cambridge University Press"}

@Book{Mi00,
title = {{A Short Introduction to Intuitionistic Logic}},
author = "G. Mints",
year = "2000",
publisher = "Kluwer Academic / Plenum Publishes"}

@Book{Prawitz65,
title = {{Natural Deduction: a Proof-Theoretical Study}},
author = "D. Prawitz",
year = "1965",
publisher = "Almquist \& Wiksells"}

@Book{HA50,
title = {{Principles of Mathematical Logic}},
author = "D. Hilbert and W. Ackermann",
year = "1950",
publisher = "Chelsea Publishing Company",
note={{Translated from 2nd German edition of 1938}}}

@Book{CF50,
title = {{Combinatory Logic}},
volume = "1",
author = "H. Curry and R. Feys",
year = "1958",
publisher = "North-Holland Publishing Company"}

@Book{SH80,
title = {{To H.B. Curry: Essays on Combinatory Logic, Lambda Calculus,
          and Formalism}},
editor = "J. Seldin and J. Hindley",
year = "1980",
publisher = "Academic Press"}

@Inbook{L80,
author = "J. Lambek",
crossref = "SH80",
pages = "375-402",
title = {{From $\lambda$-calculus to Cartesian closed categories}}}

@Inbook{H80,
author = "W. Howard",
crossref = "SH80",
pages = "479-490",
title = {{The formulae-as-types notion of construction}}}

@Book{M96,
title = {{Foundations for Programming Languages}},
author = "J. Mitchell",
year = "1996",
publisher = "The MIT Press"}

@Book{C41,
title = {{The Calculi of Lambda-Conversion}},
author = "A. Church",
year = "1941",
publisher = "Princeton University Press"}

@conference{G71,
author = "J.Y. Girard",
title = {{Une extension de l'interpretation de G\"{o}del a l'analyse,
                  et son application a l'elimination des coupures dans
                  l'analyse et la theorie des types}},
booktitle = "2nd Scandinavian Logic Symposium",
year="1971",
pages="63-92"}

@book{T51,
author = "A. Tarski",
title = {{A decision method for elementary algebra and geometry}},
publisher = "University of California Press",
year = "1951"}

@Book{FBL73,
title = {{Foundations of Set Theory}},
author = "A. Fraenkel and Y. Bar-Hillel and A. Levy",
year = "1973",
publisher = "Elsevier Science Publishers B.V."}

@Book{F76,
title = {{Abstract Set Theory}},
author = "A. Fraenkel",
year = "1976",
publisher = "North-Holland Publishing Company",
note={{Revised by A. Levy}}}

@Book{BGG97,
title = {{The Classical Decision Problem}},
author = {{E. B\"{o}rger, E. Gr\"{a}del, and Y. Gurevich}},
year = "1997",
publisher = "Springer"}

@Misc{tata97,
author =       {H. Comon and M. Dauchet and R. Gilleron and F. Jacquemard and D. Lugiez and S. Tison and M. Tommasi},
title =        {Tree Automata Techniques and Applications},
howpublished = {Available at {http://www.grappa.univ-lille3.fr/tata}},
year =         1997}

@book{K52,
author = "S. Kleene",
title = "Introduction to Metamathematics",
publisher = "Van Nostrand",
year = "1952"}

@book{TS00,
author = "A. Troelstra and H. Schwichtenberg",
publisher="Cambridge University Press",
year=2000,
edition="2nd",
title="Basic Proof Theory"}

@book{troelstra92,
author = "A. Troelstra",
publisher="Center for the Study of Language and Information",
year=1992,
title="Lectures on Linear Logic"}

@phdthesis{polakow_thesis,
author = "J. Polakow",
title = {{Ordered Linear Logic and Applications}},
year="2001",
school={Carnegie Mellon University}}
@TechReport{Vis97.sglr,
  author      = {E. Visser},
  title       = {Scannerless Generalized- {LR} Parsing},
  year        = {1997},
  month       = {July},
  number      = {P9707},
  institution = {Programming Research Group, University of Amsterdam},
  url         = {http://www.wins.uva.nl/pub/programming-research/reports/1997/P9707.ps.gz},
  pubcat      = {techreport},
}

@book{HoUl79,
title={{Introduction to Automata Theory, Languages, and Computation}},
author="J. Hopcroft and J. Ullman",
publisher="Addison-Wesley",
year=1979}

@book{App02,
title={{Modern Compiler Implementation in Java, 2nd edition}},
author="A. Appel",
publisher="Cambridge University Press",
year=2002}

@book{tomita91,
editor="M. Tomita",
title={{Generalized LR Parsing}},
year=1991,
publisher=Kluwer}

@article{GM92,
author = "J. Goguen and J. Meseguer",
title = {{Order-sorted algebra I: Equational deduction for multiple inheritance, overloading, exceptions and partial operations}},
journal = "Theoretical Computer Science",
volume = "105",
number = 2,
pages = "217-273",
year = 1992}

@Inproceedings{KK94,
author = "M. Kerber and M. Kohlhase",
editor = "A. Bundy",
booktitle = {{12th International Conference on Automated Deduction}},
publisher = "Springer Verlag",
title = {{A Mechanization of Strong Kleene Logic for Partial Functions}},
series =       "LNAI",
volume = "814",
year = "1994",
pages = "371-385"}

@Inproceedings{KK97,
author = "M. Kerber and M. Kohlhase",
booktitle = {{21st Annual German Conference on Artificial Intelligence}},
publisher = "Springer Verlag",
title = {{Mechanising Partiality without Re-Implementation}},
year = "1997",
series =       "LNAI",
volume = "1303",
pages = "123-134"}

@article{FG00,
author = "W. Farmer and J. Guttman",
title = {{A Set Theory with Support for Partial Functions}},
journal = "Logica Studia",
editor = "E. Thijsse and F. Lepage and H. Wansing",
volume = "66",
year = 2000,
number = 1,
pages = "59-78"}

@article{F90,
author = "W. Farmer",
title = {{A partial functions version of Church's simple theory of types}},
journal = "The Journal of Symbolic Logic",
volume = "55",
year = 1990,
number = 3,
pages = "1269-91"}

@article{F95,
author = "S. Feferman",
title = {{Definedness}},
journal = "Erkenntnis",
volume = 43,
pages = "295-320",
year = 1995}

@book{B85,
author = "M. Beeson",
title = {{Foundations of Constructive Mathematics: Metamathematical Studies}},
publisher = "Springer",
year = "1985"} 

@article{F93,
author="W. Farmer",
title="A simple type theory with partial functions and subtypes",
journal="Annals of Pure and Applied Logic",
year=1993,
volume=64,
number=3}# programming languages stuff

@inproceedings{nanevski02,
 author = {A. Nanevski},
 title = {Meta-Programming with Names and Necessity},
 booktitle = {Proceedings of the 7th ACM SIGPLAN International Conference on Functional Programming},
 year = {2002},
 pages = {206--217}
 }

@article{NP03,
author={A. Nanevski and F. Pfenning},
title={{Meta-Programming with Names and Necessity}},
journal={{Journal of Functional Programming}},
note="under review",
URL = {http://www.cs.cmu.edu/\homedir fp/papers/names03.ps}}

@article{MWCG99,
title = {{From System F to Typed Assembly Language}},
author = "G. Morrisett and D. Walker and K. Crary and N. Glew",
journal = {{ACM Transactions on Programming Languages and Systems}},
volume = 21,
number = 3,
pages = "527--568",
month = May,
year= 1999}

@article{schurmann04,
author={{C. Sch\"{u}rmann}},
title={{Programming with Higher-Order Abstract Syntax}},
note={{Draft paper available from Sch\"{u}rmann's web page}},
year=2004}

@inproceedings{lmc03,
author="S. Lerner and T. Millstein and C. Chambers",
editor="R. Gupta",
title={{Automatically Proving the Correctness of Compiler Optimizations}},
booktitle="In ACM SIGPLAN Conference on Programming Language Design and Implementation",
note="received best paper award",
year=2003}

@inproceedings{dreyer+03,
  author = 	 {D. Dreyer and K. Crary and R. Harper},
  title = 	 {{A Type Theory for Higher-Order Modules}},
  booktitle={ACM SIGPLAN-SIGACT Symposium on Principles of Programming Languages},
  editor= "G. Morrisett",
  year =	 2003
}

@inproceedings{XiSEFM03,
author = "Hongwei Xi",
title = {{Facilitating Program Verification with Dependent Types}},
booktitle = "Proceedings of the International Conference on Software Engineering and Formal Methods",
year = 2003,
pages = "72--81",
}

@book{nps90,
title={{Programming in Martin-L\"{o}f's Type Theory}},
author={B. Nordstr\"{o}m and K. Petersson and J. Smith},
publisher="Oxford University Press",
year=1990}

@book{nnh99,
author="F. Nielson and H. Nielson and C. Hankin",
title={{Principles of Program Analysis}},
publisher="Springer",
year=1999}

@inproceedings{sheard04,
author="T. Sheard",
title="Languages of the Future",
booktitle="Proceedings of 19th ACM Conference on Object-Oriented Programming,
Systems, Languages, and Applications",
editor="D. Schmidt",
year=2004}

@inproceedings{crary03b,
author="K. Crary",
title={{Toward a Foundational Typed Assembly Language}},
booktitle="In Proceedings of the 30th ACM SIGPLAN-SIGACT Symposium on Principles of Programming Languages",
editor="G. Morrisett",
year=2003}

@InProceedings{alti:wcgp02,
  author = 	 {Thorsten Altenkirch and Conor McBride},
  title = 	 {Generic Programming Within Dependently Typed Programming},
  booktitle = 	 {Generic Programming},
  year =	 {2003},
  note =	 {Proceedings of the IFIP TC2 Working Conference on Generic Programming, Schloss Dagstuhl, July 2002}
}

@article{mcbride+04,
author="C. McBride and J. McKinna",
title={{The View from the Left}},
journal="Journal of Functional Programming",
year=2004,
volume=14,
number=1}

@unpublished{cheneyhinze04,
author="J. Cheney and R. Hinze",
title={{Phantom Types}},
note="in preparation; available from Hinze's web site",
year=2003}

@unpublished{voda03,
author="P. Voda",
title={{What Can We Gain by Integrating a Language Processor 
with a Theorem Prover}},
note="unpublished; available from the author's web site",
year=2003}

@article{hinze+04,
 author = {R. Hinze and J. Jeuring and A. L\"{o}h},
 title = {Type-indexed data types},
 journal = {Science of Computer Programming},
 volume = {51},
 number = {1-2},
 year = {2004},
 pages = {117--151},
 publisher = {Elsevier}
 }
@InProceedings{BC96, 
  author =       "Alexandre Boudet and Hubert Comon",
  title =        "Diophantine equations, {Presburger} arithmetic and
                  finite automata",
  editor =       "H. Kirchner",
  series =       "Lecture Notes in Computer Science",
  volume        = 1059,
  publisher     = "Springer Verlag",
  pages         = "30--43",    
  DMI-category = "intc",
  booktitle =    "Colloquium on Trees in Algebra and Programming (CAAP'96)",
  year =         1996
}

@inproceedings{C72,
    author = "D. C. Cooper",
    title = "Theorem Proving in Arithmetic without Multiplication",
    booktitle = "Machine Intelligence",
    volume = "7",
    publisher = "American Elsevier",
    address = "New York",
    pages = "91--99",
    year = "1972"
}

@Article{DE73,
  author =       "George B. Dantzig and B. Curtis Eaves",
  title =        "{F}ourier-{Motzkin} Elimination and Its Dual",
  journal =      "Journal of Combinatorial Theory ({A})",
  year =         "1973",
  volume =       "14",
  pages =        "288--297",
}

@inproceedings{FR74,
    author = "Fischer and Rabin",
    title = "Super-Exponential Complexity of {P}resburger Arithmetic",
    booktitle = "{SIAMAMS}: Complexity of Computation: Proceedings of a Symposium in Applied Mathematics of the American Mathematical Society and the Society for Industrial and Applied Mathematics",
    year = "1974"
}

@article{Oppen78,
  author= {Derek C. Oppen},
  title = {A $2^{2^{2pn}}$ upper bound on the complexity of {P}resburger arithmetic},
  journal ={Journal of Computer and System Sciences},
  volume={16},
  number=3,
  pages={323--332},
  month=jun,
  year=1978,
}

@inproceedings{P91,
    author = "William Pugh",
    title = "The Omega test: a fast and practical integer programming algorithm for dependence analysis",
    booktitle = "Supercomputing",
    pages = "4-13",
    year = "1991",
    url = "citeseer.nj.nec.com/pugh93omega.html" }

@inproceedings{P94,
    author = "William Pugh",
    title = "Counting Solutions to {P}resburger Formulas: How and Why",
    booktitle = "{SIGPLAN} Conference on Programming Language Design and Implementation",
    pages = "121-134",
    year = "1994",
    url = "citeseer.nj.nec.com/pugh94counting.html" }

@article{S77,
    author = "Robert E. Shostak",
    title = "On the {SUP}-{INF} Method for Proving {P}resburger Formulas",
    journal = "Journal of the ACM",
    volume = "24",
    number = "4",
    pages = "529-543",
    year = "1977"
}

@article{W76,
    author = "H. P. Williams",
    title = "Fourier-{Motzkin} Elimination Extension to Integer Programming Problems",
    journal = "Journal of Combinatorial Theory ({A})",
    volume = "21",
    pages = "118--123",
    year = "1976"
}

@inproceedings{WB95,
    author = "Pierre Wolper and Bernard Boigelot",
    title = "An Automata-Theoretic Approach to {P}resburger Arithmetic Constraints (Extended Abstract)",
    booktitle = "Static Analysis Symposium",
    pages = "21-32",
    year = "1995"
}

@inproceedings{WB00,
	author =	"Pierre Wolper and Bernard Boigelot",
	title =		"On the Construction of Automata from Linear 
                         Arithmetic Constraints",
        booktitle =     "Proc. 6th International Conference on 
                         Tools and Algorithms for the Construction 
                         and Analysis of Systems",
        address =       "Berlin",
	series =        "Lecture Notes in Computer Science",
        volume =        "1785",
        publisher =     "Springer-Verlag",
        month =		"March",
        pages=          "1--19",
	year =		"2000"
}

@inproceedings{necula02,
author={Necula, G.C. and McPeak, S. and Rahul, S.P. and Weimer, W.},
editor="R. Horspool",
title={CIL: Intermediate Language and tools for analysis and transformation of C programs},
booktitle={11th International Conference on Compiler Construction},
year={2002}
}
@article{bw00,
author={R. Back. and J. von Wright},
title={Contracts, games and refinement},
journal={Information and Computation},
volume={156},
pages="25-45",
year={2000},
}

@article{bw95,
author={R. Back. and J. von Wright},
title={Games and winning strategies},
journal={Information Processing Letters},
volume={53},
pages={165},
year={1995},
}

@book{bw98,
author={R. Back. and J. von Wright},
title={{Refinement Calculus: A Systematic Introduction}},
publisher="Springer-Verlag",
year=1998}

@book{m94a,
author={C. Morgan},
title={{Programming from Specifications}},
publisher="Prentice Hall",
year=1994}% rewriting.bib
% Aaron Stump, 5/3/00
%
% This file contains some references to works about rewriting.

@inproceedings{KB70,
title={{Simple Word Problems in Universal Algebras}},
pages={263--297},
author="D. Knuth and P. Bendix",
booktitle={{Computational Problems in Abstract Algebra}},
editor="J. Leech",
year=1970,
publisher="Pergamon Press"
}

@article{D87,
author= "N. Dershowitz",
title={{Termination of Rewriting}},
journal="Journal of Symbolic Computation",
volume="3",
number="1 and 2",
pages="69-116",
year="1987"}

@book{BN98,
author = "F. Baader and T. Nipkow",
title = {{Term Rewriting and All That}},
publisher = "Cambridge University Press",
year="1998"}

@ARTICLE{cirstea01d,
  AUTHOR = {Cirstea, H. and Kirchner, C.},
  TITLE = {{The Rewriting Calculus - Part I}},
  JOURNAL = {Logic Journal of the Interest Group in Pure and Applied
		  Logics},
  MONTH = {May},
  PAGES = {363-399},
  VOLUME = {9},
  YEAR = {2001},
  NOTE = {Also available as Technical Report A01-R-203, LORIA, Nancy
		  (France)}
}


@ARTICLE{cirstea01e,
  AUTHOR = {Cirstea, H. and Kirchner, C.},
  TITLE = {{The Rewriting Calculus - Part II}},
  JOURNAL = {Logic Journal of the Interest Group in Pure and Applied
		  Logics},
  MONTH = {May},
  PAGES = {401-434},
  VOLUME = {9},
  YEAR = {2001},
  NOTE = {Also available as Technical Report A01-R-204, LORIA, Nancy
		  (France)}
}

@Article{CDELMMQspecprog_2001,
  author =       {Manuel Clavel and Francisco Dur{\'a}n and Steven Eker and
                  Patrick Lincoln and Narciso Mart{\'\i}-Oliet and Jos{\'e}
                  Meseguer and Jos{\'e} F. Quesada},
  title =        {{Maude}: Specification and Programming in Rewriting Logic},
  journal =      {Theoretical Computer Science},
  volume = 285,
  number = 2,
  year =         2002
}

@INPROCEEDINGS{ppts-popl2003,
  AUTHOR = {G. Barthe and H. Cirstea and C. Kirchner and L. Liquori},
  TITLE = {Pure Patterns Type Systems},
  BOOKTITLE = {{ Principles of Programming Languages}},
  YEAR = 2003,
  PUBLISHER = {ACM},
  PS = {data/ppts-popl2003.ps.gz},
}

@inproceedings{Vis01.rule,
  author    = {E. Visser},
  title     = {Scoped Dynamic Rewrite Rules},
  series    = {Electronic Notes in Theoretical Computer Science},
  volume    = {59/4},
  publisher = {Elsevier Science Publishers},
  editor    = {Mark van den Brand and Rakesh Verma},
  year      = {2001},
  booktitle = {Rule Based Programming (RULE'01)},
  urlpdf    = {http://www.cs.uu.nl/people/visser/ftp/Vis01-rule.pdf}
}

@INPROCEEDINGS{rewritingStrategiesWRS2003,
  AUTHOR = {H. Cirstea and C. Kirchner and L. Liquori and B. Wack},
  TITLE = {Rewrite Strategies in the Rewriting Calculus},
  BOOKTITLE = {{Proceedings of the Third International Workshop on Reduction Strategies 
                  in Rewriting and Programming }},
  YEAR = 2003,
  MONTH = JUN,
  PUBLISHER = {Electronic Notes in Theoretical Computer Science},
  EDITOR = {B. Gramlich and S. Lucas},
  ADDRESS = {Valencia, Spain}
}

@INPROCEEDINGS{CirsteaKirchnerLiquoriMatchingPower-RTA2001,
  AUTHOR = {H. Cirstea and C. Kirchner and L. Liquori},
  TITLE = {{M}atching {P}ower},
  YEAR = {2001},
  BOOKTITLE = {Proceedings of the 12th International Conference on Rewriting Techniques and Applications},
  ADDRESS = {Utrecht (The Netherlands)},
  EDITOR = {A. Middeldorp},
  PUBLISHER = {Springer-Verlag},
  SERIES = "LNCS"
}

@inproceedings{clavel00reflection,
    author = {Manuel Clavel and Jos{'e} Meseguer},
    title = {{Reflection and Strategies in Rewriting Logic}},
    booktitle = {Electronic Notes in Theoretical Computer Science},
    volume = {4},
    publisher = {Elsevier Science Publishers},
    editor = {J. Meseguer},
    year = {2000}
}

@InCollection{CDEMprovingtools_2000,
  author = 	 {M. Clavel and F. Dur{\'a}n and S. Eker and J. Meseguer},
  title = 	 {{Building Equational Proving Tools by Reflection in 
                  Rewriting Logic}},
  booktitle = 	 {Cafe: An Industrial-Strength Algebraic Formal Method},
  publisher =    {Elsevier},
  year = 	 {2000},
}

@article{mes92,
author = "J. Meseguer",
title={{Conditional Rewriting Logic as a Unified Model of Concurrency}},
journal={Theoretical Computer Science},
volume=96,
number=1,
year=1992,
pages={73-155}}% sat.bib
% Aaron Stump, 10/6/01
%
% This file contains some references to works about 
% propositional satisfiability and its applications.

@inproceedings{KS92,
author= "H. Kautz and B. Selman",
title={{Planning as Satisfiability}},
booktitle="Proceedings of the 10th European Conference on Artificial Intelligence",
year="1992"}

@article{SS99,
author= "J. Marques-Silva and K. Sakallah",
title={{GRASP: A Search Algorithm for Propositional Satisfiability}},
journal="IEEE Transactions on Computers",
volume="48",
number="5",
pages="506-521",
year="1999"}

@inproceedings{MMZZM01,
author="M. Moskewicz and C. Madigan and Y. Zhaod and L. Zhang and S. Malik",
title={{Chaff: Engineering an Efficient SAT Solver}},
booktitle="39th Design Automation Conference",
year="2001"}

@article{KS00,
author= "W. Kuchlin and C. Sinz",
title={{Proving consistency assertions for automotive product data management}},
journal="Journal of Automated Reasoning",
volume="24",
number="1-2",
pages="145-63",
year="2000"}

@inproceedings{GK99,
author= "A. Geser and W. Kuchlin",
title={{Structure formal verification of a fragment of the IBM S/390 clock chip}},
booktitle="International Workshop on Current Trends in Applied Formal Methods",
publisher="Springer-Verlag",
editor="D. Hutter and W. Stephan and P. Traverso and M. Ullmann",
year="1999"}

@inproceedings{BLM01,
author= "P. Bjesse and T. Leonard and A. Mokkedem",
title={{Finding Bugs in an Alpha Microprocessor Using Satisfiability Solvers}},
booktitle="13th Conference on Computer-Aided Verification",
publisher="Springer-Verlag",
editor="G. Berry and H. Comon and A. Finkel",
year="2001"}

@article{CBRZ01,
author= "E. Clarke and A. Biere and R. Raimi and Y. Zhu",
title={{Bounded Model Checking Using Satisfiability Solving}},
journal="Formal Methods in System Design",
volume="19",
number="1",
year="2001"}

@inproceedings{armando+04,
author="A. Armando and C. Castellini and E. Giunchiglia and M. Maratea",
title={{A SAT-based Decision Procedure for the Boolean Combination of Difference Constraints}},
booktitle="The 7th International Conference on Theory and Applications of Satisfiability Testing",
year=2004}@article{semanticweb01,
author="T. Berners-Lee and J. Hendler and O. Lassila",
title={{The Semantic Web}},
journal="Scientific American",
year=2001,
volume="May"}

@inproceedings{mcguinness+03,
author="D. McGuinness and P. da Silva",
title={{Infrastructure for Web Explanations}},
booktitle="In Proceedings of 2nd International Semantic Web Conference",
editor="D. Fensel and K. Sycara and J. Mylopoulos",
series="LNCS",
volume="2870",
year=2003,
publisher="Springer-Verlag",
pages="113--129"}@article{andrews03,
author="J. Andrews",
title={{General Test Result Checking with Log File Analysis}},
journal="IEEE Transactions on Software Engineering",
volume=29,
number=7,
year=2003,
month="July"}

@article{rosenblum95,
author="D. Rosenblum",
title={{A Practical Approach to Programming With Assertions}},
journal="IEEE Transactions on Software Engineering",
volume=21,
number=1,
year=1995,
month="January"}

@book{pol+02,
author="M. Pol and R. Teunissen and E. van Veenendaal",
title={{Software Testing : a Guide to the TMap Approach}},
publisher="Addison-Wesley", 
year=2002}@book{spivey92,
title={{The Z Notation: A Reference Manual, 2nd edition}}, 
author={M. Spivey},
publisher="Prentice Hall",
year=1992}

@book{davies96,
title={{Using Z: Specification, Refinement and Proof}},
author={J. Davies and J. Woodcock},
publisher="Prentice Hall",
year=1996}

@book{jones90,
title={{Systematic Software Development Using VDM}},
author="C. Jones",
publisher="Prentice Hall",
year=1990}

@book{guttag93,
title={{Larch: Languages and Tools for Formal Specification}},
author="J. Guttag and J. Horning",
publisher="Springer-Verlag",
note="available from http://www.sds.lcs.mit.edu/spd/larch/",
year=1993}


@inproceedings{jml03,
author="L. Burdy and Y. Cheon and D. Cok and M. Ernst and J. Kiniry and G. Leavens and K. Leino and E. Poll",
title={{An overview of JML tools and applications}},
editor="T. Arts and W. Fokkink",
booktitle={Eighth International Workshop on Formal Methods for Industrial Critical Systems},
note={Volume 80 of Electronic Notes in Theoretical Computer Science},
publisher="Elsevier",
year=2003}

@inproceedings{aal02,
author="S. Khurshid and D. Marinov and D. Jackson",
title={{An Analyzable Annotation Language}},
booktitle={17th ACM Conference on Object-Oriented Programming, Systems, Languages, and Applications},
year=2002}

@inproceedings{kj00,
author="S. Khurshid and D. Jackson", 
title={{Exploring the Design of an Intentional Naming Scheme with an Automatic Constraint Analyzer}},
booktitle={15th IEEE International Conference on Automated Software Engineering},
year=2000}

@INPROCEEDINGS{shimizu00,
AUTHOR = "Kanna Shimizu and David L. Dill and Alan J. Hu",
TITLE = {{Monitor-Based Formal Specification of PCI}},
BOOKTITLE="3rd International Conference of Formal Methods in Computer-Aided Design",
YEAR = "2000"}

@inproceedings{lano99,
author={K. Lano and A. Evans},
title={{Rigorous Development in UML}},
booktitle={2nd International Conference on Fundamental Approaches to Software Engineering},
year={1999}
}

@inproceedings{reynolds02,
author={J. Reynolds},
title={{Separation Logic: a Logic for Shared Mutable Data Structures}},
booktitle={IEEE Symposium on Logic in Computer Science},
year=2002}

@inproceedings{moller01,
author={A. M{\o}ller and M. Schwartzbach},
title={The Pointer Assertion Logic Engine},
editor={M. Soffa},
booktitle={ACM SIGPLAN Conference on Programming Language Design and Implementation},
year=2001}
% our_group.bib
% Aaron Stump, 3/17/99
%
% This file contains references to publications of our group.

@InProceedings{PSD98,
  author =       {D. Park and J. Skakkeb{\ae}k and D. Dill},
  title =        {Static Analysis to Identify Invariants in {RSML} Specifications},
  booktitle =    {Formal Techniques in Real-Time and Fault Tolerant Systems},
  year =         1998
}

@inproceedings{SDS98,
author = "J. Su and D. Dill and J. Skakkeb{\ae}k",
title = "Formally Verifying Data and Control with Weak Reachability Invariants",
booktitle= "Formal Methods In Computer-Aided Design",
year=1998}

@inproceedings{SJD98,
author = "J. Skakkeb{\ae}k and R. Jones and D. Dill",
title = "Formal Verification of Out-of-Order Execution Using Incremental Flushing",
booktitle= "10th International Conference on Computer-Aided Verification",
year=1998}

@inproceedings{BDL96,
author="C. Barrett and D. Dill and J. Levitt",
title="Validity Checking for Combinations of Theories with Equality",
booktitle="Formal Methods In Computer-Aided Design",
Editor="M. Srivas and A. Camilleri",
Publisher="Springer-Verlag",
Year=1996,
pages="187-201"}

@inproceedings{BDS00,
author= "C. Barrett and D. Dill and A. Stump",
title={{A Framework for Cooperating Decision Procedures}},
booktitle="17th International Conference on Automated Deduction",
Editor="D. McAllester",
Publisher="Springer-Verlag",
pages="79-97",
year =         2000
}

@article{SDGB00,
author= "A. Stump and D. Dill and J. Giesl and C. Barrett",
title={{On a Very Simple Abstract Higher-Order Congruence Closure Algorithm}},
journal="In preparation",
note="Available from http://verify.stanford.edu/\~\,stump/",
year="2000"}

@inproceedings{SBDL01,
author= "A. Stump and C. Barrett and D. Dill and J. Levitt",
title={{A Decision Procedure for an Extensional Theory of Arrays}},
booktitle="16th IEEE Symposium on Logic in Computer Science",
Publisher="IEEE Computer Society",
pages="29-37",
year = 2001
}

@article{SBDF02,
author= "A. Stump and C. Barrett and D. Dill and C. Flanagan",
title={{Proof production in decision procedures}},
journal="In revision",
year=2002}

@inproceedings{BDS02,
author= "C. Barrett and D. Dill and A. Stump",
title={{Checking Satisfiability of First-Order Formulas by Incremental Translation to SAT}},
booktitle="14th International Conference on Computer-Aided Verification",
editors="K. Larsen and E. Brinksma",
year="2002"}

@inproceedings{SBD02,
author= "A. Stump and C. Barrett and D. Dill",
title={{CVC: a Cooperating Validity Checker}},
booktitle="14th International Conference on Computer-Aided Verification",
editors="K. Larsen and E. Brinksma",
year="2002"}

@inproceedings{SD02a,
author= "A. Stump and D. Dill",
title={{Producing Proofs from an Arithmetic Decision Procedure in Elliptical LF}},
booktitle="3rd International Workshop on Logical Frameworks and Meta-Languages",
editors="F. Pfenning",
year="2002"}

@inproceedings{SD02,
author= "A. Stump and D. Dill",
title={{Faster Proof Checking in the Edinburgh Logical Framework}},
booktitle="18th International Conference on Automated Deduction",
editors="A. Voronkov",
year="2002"}

@inproceedings{BDS02a,
author= "C. Barrett and D. Dill and A. Stump",
title = {{A Generalization of Shostak's Method for Combining Decision Procedures}},
booktitle="4th International Workshop on Frontiers of Combining Systems (FroCos)",
year= "2002"}

@phdthesis{B02,
author = "C. Barrett",
title = {{Checking Validity of Quantifier-free Formulas in Combinations of First-Order Theories}},
year="2002",
note="In preparation",
school={Stanford University}}

@phdthesis{S02,
author = "A. Stump",
title = {{Checking Validities and Proofs with CVC and flea}},
year="2002",
note="available from http://www.cs.wustl.edu/\~\,stump/",
school={Stanford University}}

@InProceedings{AMSV02,
  author =       {A. Appel and N. Michael and A. Stump and R. Virga},
  title =        {A Trustworthy Proof Checker},
  booktitle =    {Joint session of the FLoC '02 VERIFY and FCS workshops},
  year =         2002
}

@InProceedings{mpc02,
  author = "M. Musuvathi and D. Park and A. Chou and D. Engler and D. Dill",
   year = "2002",
   month = dec,
   title = "{CMC: A Pragmatic Approach to Model Checking Real Code}",
   booktitle = "5th Symposium on Operating Systems Design and Implementation"
}

@inproceedings{DD2002,
author = "Satyaki Das and David L. Dill",
title = "Counter-Example Based Predicate Discovery in Predicate Abstraction",
booktitle = "Formal Methods in Computer-Aided Design",
year = "2002",
month = "November",
publisher = "Springer-Verlag",
location = "Portland, Oregon"
}

@inproceedings{BD94,
author="Jerry R. Burch and David L. Dill",
title="Automatic Verification of Pipelined Microprocessor Control",
booktitle="Conference on Computer-Aided Verification",
editor="David L. Dill",
Series="Lecture Notes in Computer Science",
Volume="818",
Publisher="Springer-Verlag",
year="1994",
Pages="68--80"}@inproceedings{longo95,
author="G. Longo and K. Milsted and S. Soloviev",
title="A Logic of Subtyping",
booktitle="IEEE Symposium on Logic in Computer Science",
pages= "292--300",
year= 1995}% theorem_provers.bib
% Aaron Stump, 3/17/99
%
% This file contains some references to works about 
% theorem provers.

@inproceedings{FORS01,
author = {J. Filli\^{a}tre and S. Owre and H. Rue\ss and N. Shankar},
title = {{ICS:} Integrated Canonizer and Solver},
booktitle = "13th International Conference on Computer-Aided Verification",
editor = "G. Berry and H. Comon and A. Finkel",
year = 2001}

@article{ROS98,
author= "J. Rushby and S. Owre and N. Shankar",
title={{Subtypes for Specifications: Predicate Subtyping in PVS}},
journal="IEEE Transactions on Software Engineering",
pages="709-720",
volume="24",
number="9",
month=Sep,
year="1998"}

@article{GW92,
author= "F. Giunchiglia and T. Walsh",
title={{A Theory of Abstraction}},
journal="Artificial Intelligence",
pages="323-390",
volume="56",
number="2-3",
month=Oct,
year="1992"}

@unpublished{OS99,
    AUTHOR = {Sam Owre and Natarajan Shankar},
    TITLE = {The Formal Semantics of {PVS}},
    MONTH = {March},
    YEAR = {1999},
    note = {http://www.csl.sri.com/papers/csl-97-2/}
}

@inproceedings{ORS92,
author = "S. Owre and J. Rushby and N. Shankar",
title = {{PVS: A Prototype Verification System}},
booktitle = "11th International Conference on Automated Deduction",
editor = "D. Kapur",
series = "LNAI",
publisher = "Springer-Verlag",
volume = "607",
pages = "748-752",
year = 1992}

@inproceedings{BR99,
author = "A. Bundy and J. Richardson",
title = {{Proofs about lists using ellipsis}},
booktitle = "Logic for Programming and Automated Reasoning, 6th International Conferenece",
editor = "H. Ganzinger and D. McAllester and A. Voronkov",
publisher = "Springer-Verlag",
pages = "1-12",
year = 1999}

@inproceedings{CRSS94,
author = "D. Cyrluk and S. Rajan and N. Shankar and M. K. Srivas",
title = {{Effective Theorem Proving for Hardware Verification}},
booktitle = "2nd International Conference on Theorem Provers in Circuit Design",
editor = "R. Kumar and T. Kropf",
series = "LNCS",
publisher = "Springer-Verlag",
volume = "901",
pages = "203-222",
year = 1994}

@book{KMM00,
title={{Computer-Aided Reasoning: ACL2 Case Studies}},
editor = "M. Kaufmann and P. Manolios and J Moore",
publisher = "Kluwer Academic",
year = "2000"}

@Inbook{MS00,
title = {{ IVY: A preprocessor and proof checker for first-order logic }},
author = "W. McCune and O. Shumsky",
crossref = "KMM00",
chapter = "16"}


@inproceedings{BN00,
author = "S. Berghofer and T. Nipkow",
title = {{ Proof terms for simply typed higher order logic }},
editors= "J. Harrison and M. Aagaard",
booktitle= "Theorem Proving in Higher Order Logics, 13th International Conference", 
publish="Springer-Verlag",
series = "LNCS",
volume="1869",
year=2000}

@article{DNS96,
author= "D. Detlefs and G. Nelson and J. Saxe",
title={{Simplify: the ESC Theorem Prover}},
journal="Draft Paper",
year="1996"}

@article{W99,
author= "W. Wong",
title={{Validation of HOL Proofs by Proof Checking}},
journal="Formal Methods in System Design",
volume="14",
number="2",
pages="193-212",
year="1999"}

@Book{GM93,
title = {{Introduction to HOL: a theorem proving environment for higher order logic}},
author = "M. Gordon and T. Melham",
year = "1993",
publisher = "Cambridge University Press"}

@Book{C86,
title = {{Implementing mathematics with the Nuprl proof development system}},
author = "R. Constable and the PRL group",
year = "1986",
publisher = "Prentice-Hall"}

@inproceedings{M96A,
author = "Z. Manna et al.",
title = {{STeP: Deductive-Algorithmic Verification of Reactive and Real-time Systems}},
booktitle = "8th International Conference on Computer-Aided Verification",
series = "LNCS",
publisher = "Springer-Verlag",
volume = "1102",
pages = "415-418",
year = 1996}

@techreport{M94,
author = "Z. Manna et. al",
institution = {{Computer Science Department, Stanford University}},
title = {{STeP: The Stanford Temporal Prover}},
number = "STAN-CS-TR-94-1518",
month = Jul,
year = "1994"}

@techreport{KPS95,
author = "S. Kromodimoeljo and B. Pase and M. Saaltink",
institution = {{ORA Canada, Ottawa, Ontario (http://www.ora.on.ca)}},
title = {{EVES Proof Checking and Browsing Final Report}},
number = "TR-95-5482-06",
year = "1995"}

@techreport{KP95,
author = "S. Kromodimoeljo and B. Pase",
institution = {{ORA Canada, Ottawa, Ontario (http://www.ora.on.ca)}},
title = {{Proof Logging Final Report}},
number = "TR-95-5471-05",
year = "1995"}

@inproceedings{BGGHHV92,
author = "R. Boulton and A. Gordon and M. Gordon and J. Harrison and J. Herbert and J. Van Tassel",
title = {{Experience with Embedding Hardware Description Languages in HOL}},
booktitle = "International Conference on Theorem Provers in Circuit Design: Theory, Practice and Experience",
editor = "V. Stavridou and T. F. Melham and R. T. Boute",
series = "IFIP Transactions",
publisher = "North-Holland/Elsevier",
volume = "A-10",
pages = "129-156",
year = 1992}

@inproceedings{H88,
author = "D. Howe",
title = {{Computational Metatheory in NuPRL}},
booktitle = "9th International Conference on Automated Deduction",
editor = "E. Lusk and R. Overbeek",
series = "LNCS",
publisher = "Springer-Verlag",
volume = "310",
pages = "238-257",
year = 1988}

@Inproceedings{BM81,
author = "R. Boyer and J. Moore",
editor = "R. Boyer and J. Moore",
booktitle = {{The Correctness Problem in Computer Science}},
publisher = "Academic Press",
title = {{Metafunctions: proving them correct and using them efficiently as new proof procedures}},
year = "1981",
pages = "103-184"}

@article{C99,
author="D. Cyrluk",
title ={{Private communication}},
year = "1999"}

@article{MW97,
author= "W. McCune and L. Wos",
title={{Otter. The CADE-13 competition incarnations}},
journal="Journal of Automated Reasoning",
volume="18",
number="2",
pages="211-20",
year="1997"}

@article{M97,
author= "W. McCune",
title={{Solution of the Robbins Problem}},
journal="Journal of Automated Reasoning",
volume="19",
number="3",
pages="263-276",
year="1997"}

@Inproceedings{BFFN97,
author = "P. Baumgartner and P. Frohlich and U. Furbach and W. Nejdl",
editor = "M. Pollack",
title = {{Semantically guided theorem proving for diagnosis applications}},
booktitle = {{15th International Joint Conference on Artificial Intelligence}},
publisher = "Morgan Kaufmann",
volume="1",
year = "1997",
pages = "460-5"}


@Book{Nipkow-Paulson-Wenzel2002,
  author	= {Tobias Nipkow and Lawrence C. Paulson and Markus Wenzel},
  title		= {Isabelle/HOL --- A Proof Assistant for Higher-Order Logic},
  publisher	= {Springer},
  series	= {LNCS},
  volume	= 2283,
  year		= 2002}

@INPROCEEDINGS{deplagne03a,
  AUTHOR = {E. Deplagne and C. Kirchner and H. Kirchner and Q. Nguyen},
  TITLE = {{Proof Search and Proof Check for Equational and Inductive Theorems}},
  BOOKTITLE = {{Conference on Automated Deduction - CADE-19, Miami, USA}},
  editor="F. Baader",
  year = 2003}
@techreport{detlefs-1998,
author       = "D. L. Detlefs and K. R. M. Leino and G. Nelson and J. B. Saxe",
title        = {{Extended Static Checking}},
institution  = "Digital Equipment Corporation Systems Research Center",
year         = "1998"
}

@inproceedings{floyd-1967,
author       = "R. W. Floyd",
title        = {{Assigning Meanings to Programs}},
booktitle    = "Proc. Amer. Math. Soc. Symposium in Applied Mathematics",
year         = "1967"
}

@article{hoare-1969,
author       = "C. A. R. Hoare",
title        = {An Axiomatic Basis for Computer Programming},
journal      = "Communications of the ACM",
volume       = "12",
number       = "10",
year         = "1969",
month        = "Oct",
pages        = "576--580"
}

@book{dijkstra-1976,
author = "E. W. Dijkstra",
title = "A Discipline of Programming",
publisher="Prentice-Hall",
year=1976}

@book{gries-1981,
author = "D. Gries",
title = "The Science of Programming",
publisher="Springer-Verlag", 
year=1981}

@inproceedings{necula-2002,
author       = "G. C. Necula and S. McPeak and S. P. Rahul and W. Weimer",
title        = {{CIL: Intermediate Language and Tools for Analysis and
               Transformation of C Programs}},
booktitle    = "Proc. of Conference on Compiler Design",
year         = "2002"
}

@article{weiser-1984,
author       = "M. Weiser",
title        = {Program Slicing},
journal      = "IEEE Transactions on Software Engineering",
volume       = "10",
number       = "4",
month        = "Jul",
year         = "1984"
}

@book{cgp99,
author="E. Clarke and O. Grumberg and D. Peled",
title={{Model Checking}},
year=1999,
publisher="The MIT Press"}

@inproceedings{ks93,
 author = "N. Klarlund and M. Schwartzbach",
 title = {Graph types},
 booktitle = {Principles of Programming Languages},
 year = {1993},
 pages = {196--205},
 publisher = {ACM Press}
 }

@book{sr02,
title={Proof and System-Reliability},
editor={H. Schwichtenberg and R. Steinbr\"{u}ggen},
year=2002,
publisher="Kluwer",
note={NATO Advanced Study Institute},
address="Marktoberdorf, Germany"}

@inproceedings{MehtaN-CADE03,
author={F. Mehta and T. Nipkow},
title={{Proving Pointer Programs in Higher-Order Logic}},
booktitle="19th International Conference on Automated Deduction",
editor="F. Baader",
year=2003,
publisher="Springer-Verlag",
series="LNCS",
volume={2741},
pages={121--135}}

@inbook{nipkow02,
title={{Hoare Logics in Isabelle/HOL}},
chapter=11,
pages={341--367},
author="T. Nipkow",
crossref="sr02"}

@booklet{nist02,
title={{The Economic Impacts of Inadequate Infrastructure for Software Testing}},
author={{Research Triangle Institute}},
note={{Sponsored by the Department of Commerce's National Institute of Standards and Technology}},
year=2002}

@article{cg01,
author={M. Chechik and J. Gannon},
title={{Automatic Analysis of Consistency between Requirements and Designs}},
journal={IEEE Transactions on Software Engineering},
volume={27},
year={2001}
}

@article{cook78,
author={S. Cook},
title={{Soundness and Completeness of an Axiom System for Program Verification}},
journal={SIAM Journal on Computing},
volume={7},
year={1978}
}

@book{hkt00,
author={D. Harel and D. Kozen and J. Tiuryn},
title={{Dynamic Logic}},
year=2000,
publisher={MIT Press}}

@phdthesis{leino95,
author= {K. R. M. Leino},
title={{Toward Reliable Modular Programs}},
school={California Institute of Technology}, 
year=1995,
note="Available as Technical Report Caltech CS-TR-95-03"}

@article{nelson89,
author={Nelson, G.},
title={A Generalization of Dijkstra's Calculus},
journal={ACM Transactions on Programming Languages and Systems},
volume={11},
year={1989}
}

@inproceedings{engler02,
author={Ashcraft, K. and Engler, D.},
title={Using programmer-written compiler extensions to catch security holes},
booktitle={IEEE Symposium on Security and Privacy},
year={2002}
}

@article{leino02,
author={C. Flanagan and K. Leino and M. Lillibridge and G. Nelson and J. Saxe and R. Stata},
title={{Extended Static Checking for Java}},
journal={SIGPLAN Notices},
volume={37},
year={2002}
}

@inproceedings{jackson+03,
author="I. Shlyakhter and R. Seater and D. Jackson and M. Sridharan and M. Taghdiri",
title={{Debugging Overconstrained Declarative Models Using Unsatisfiable Cores}},
booktitle="18th IEEE International Conference on Automated Software Engineering",
year=2003,
note="received best paper award"} 

@inproceedings{nelson90,
title={{Some generalizations and applications of Dijkstra's guarded commands}},
author="G. Nelson",
booktitle="Programming and Mathematical Method",
editor="M. Broy",
series="NATO ASI Series. Series F: Computer and Systesms Sciences",
volume=88,
publisher="Springer-Verlag",
year=1990}

@article{wassermanblum97,
title={{Software Reliability via Run-Time Result-Checking}},
author="H. Wasserman and M. Blum",
journal={{Journal of the ACM}},
volume=44,
number=6,
pages="826--849",
year=1997,
month=nov}

@article{ZPG+04,
author={L.~Zuck and A.~Pnueli and B.~Goldberg and C.~Barrett and Y.~Fang and Y.~Hu},
title={{Translation and Run-Time Validation of Loop Transformations}},
journal={Journal of Formal Methods in System Design},
year = {2004},
note={To appear, preliminary version in {\em ENTCS}, 70(4), 2002}
}

@inproceedings{pnueli+98,
author="A. Pnueli and M. Siegel and E. Singerman",
title={{Translation Validation}},
editor="B. Steffen",
booktitle="Proceedings of the 4th International Conference on Tools and Algorithms for the Construction and Analysis of Systems",
year=1998, 
volume=1384,
series="LNCS",
publisher="Springer-Verlag",
pages="151--166"}

@inproceedings{velevbryant99,
author="M. Velev and R. Bryant", 
title={{Superscalar Processor Verification Using Efficient Reductions of the Logic of Equality with Uninterpreted Functions}},
booktitle="Correct Hardware Design and Verification Methods",
Publisher="Springer-Verlag",
Series="Lecture Notes in Computer Science",
volume="1703",
pages="37--53",
year=1999,
editor="L. Pierre and T. Kropf"}

@inproceedings{pnueli+99,
author="A. Pnueli and Y. Rodeh and O. Shtrichman and M. Siegel",
title={{Deciding Equality Formulas by Small Domains Instantiations}},
booktitle="Proceedings of the 11th International Computer-Aided Verification Conference",
volume="1633",
series="Lecture Notes in Computer Science",
publisher="Springer-Verlag",
pages="455--469",
year=1999}

@inproceedings{ bornat00proving,
    author = "Richard Bornat",
    title = {{Proving Pointer Programs in Hoare Logic}},
    booktitle = "Mathematics of Program Construction",
    pages = "102-126",
    year = "2000"}


@inproceedings{ohearn+04,
 author = {P. O'Hearn and H. Yang and J. Reynolds},
 title = {{Separation and Information Hiding}},
 booktitle = {Proceedings of the 31st ACM SIGPLAN-SIGACT Symposium on Principles of Programming Languages},
 year = {2004},
 pages = {268--280},
 publisher = {ACM Press}}


@inproceedings{jacobs+02,
author="B. Jacobs and J. Kiniry and M. Warnier",
title={{Java Program Verification Challenges}},
editor="F. de Boer and M. Bonsangue and S. Graf and W.-P. de Roever",
booktitle="Formal Methods for Components and Objects",
year=2002,
publisher="Springer",
series="LNCS",
number="2852",
pages="202--219"}

@inproceedings{lahiri+04,
author="S. Lahiri and R. Bryant and A. Goel and M. Talupur",
title={{Revisiting Positive Equality}},
booktitle="Tools and Algorithms for the Construction and Analysis of Systems",
year=2004,
volume=2988,
series="LNCS",
publisher="Springer-Verlag",
pages="1-15"}


@inproceedings{pnueli+01,
author="A. Pnueli and Y. Rodeh and O. Strichman",
title="Range allocation for equivalence logic",
booktitle="21st Conference on Foundations of Software Technology and Theoretical Computer Science",
volume=2245,
series="LNCS",
publisher="Springer-Verlag",
year=2001,
pages="317--333"}

@Article{PSS02,
    Author       = "Pelletier, F.J. and Sutcliffe, G. and Suttner, C.B.",
    Year         = "2002",
    Title        = "{The Development of CASC}",
    Journal      = "AI Communications",
    Volume       = "15",
    Number       = "2-3",
    Pages        = "79-90"
} 

@inproceedings{leberre+03,
author= "D. Le Berre and L. Simon",
title={{The essentials of the SAT 2003 competition}},
booktitle="Sixth International Conference on Theory and Applications of Satisfiability Testing",
volume=2919,
year=2003,
series="LNCS",
pages="452--467",
publisher="Springer-Verlag"}

@Misc{SMT-LIB,
  author =       {Silvio Ranise and Cesare Tinelli},
  title =        {The {SMT-LIB} web site},
  note =         {\url{http://www.smtlib.org}}
}

@article{O80,
 author = {Derek C. Oppen},
 title = {Reasoning About Recursively Defined Data Structures},
 journal = {J. ACM},
 volume = {27},
 number = {3},
 year = {1980},
 pages = {403--411},
 publisher = {ACM Press},
}

@article{SMTCOMP-JAR,
      author= "C. Barrett and L. de Moura and A. Stump",
      title={{Design and Results of the 1st Satisfiability Modulo Theories Competition (SMT-COMP 2005)}},
      journal="Journal of Automated Reasoning",
      pages={373--390},
      publisher="Springer",
      volume=35,
      number=4,
      year=2005}

@article{SMTCOMP-FMSD,
 author = {C. Barrett and L. de Moura and A. Stump},
 title = {{Design and Results of the 2nd Annual Satisfiability Modulo Theories competition (SMT-COMP 2006)}},
 journal = {Formal Methods in System Design},
 volume = {31},
 number = {3},
 year = {2007},
 pages = {221--239}
 }

@article{BDOS08,
  author    = "Clark Barrett and Morgan Deters and Albert Oliveras and Aaron Stump",
  title     = "Design and Results of the 3rd Annual Satisfiability Modulo Theories Competition ({SMT-COMP} 2007)",
  journal   = "International Journal on Artificial Intelligence Tools",
  volume    = {17},
  number    = {4},
  year      = {2008},
  pages     = {569--606},
}

@article{SMTCOMP-2008,
  author    = "Clark Barrett and Morgan Deters and Albert Oliveras and Aaron Stump",
  title     = "Design and Results of the 4th Annual Satisfiability Modulo Theories Competition ({SMT-COMP} 2008)",
  note      = "In preparation"
}

@inproceedings{brummayer+09,
editor="B. Dutertre and O. Strichman",
title={{Fuzzing and Delta-Debugging SMT Solvers}},
author="R. Brummayer and A. Biere",
booktitle="International Workshop on Satisfiability Modulo Theories (SMT)",
year=2009}

@misc{SMTEVAL2013,

note={{SMT-EVAL 2013 evaluation report. In preparation. It will be available at \url{http://smtcomp.sourceforge.net/2013/reports/SMTEVAL2013.pdf}}}
}

@misc{SMTCOMP2012,
note={{SMT-COMP 20112 competition report. \url{http:smtcomp.sourceforge.net/2012/reports/SMTCOMP2012.pdf}}}
}